<?xml version="1.0" encoding="UTF-8"?><collection xmlns="http://www.loc.gov/MARC21/slim"><record><leader>00484nam--2200157-i-4500</leader><controlfield tag="001">000026520</controlfield><controlfield tag="002">20161230</controlfield><controlfield tag="005">20161230201036</controlfield><controlfield tag="008">060222s1000------------r-----000-0-eng-d</controlfield><datafield ind1=" " ind2=" " tag="080"><subfield code="a">517.9(061.3)</subfield></datafield><datafield ind1=" " ind2=" " tag="100"><subfield code="a">Shutie,Xiao (ed.)</subfield></datafield><datafield ind1=" " ind2=" " tag="245"><subfield code="a">International workshop on applied differential equations. 4-7 june 1985 beijing, china</subfield></datafield><datafield ind1=" " ind2=" " tag="260"><subfield code="a">Singapore, World Scientific, 1986, X + 446p</subfield></datafield><datafield ind1=" " ind2=" " tag="700"><subfield code="a">Xiao Shutie And Pu Fuquan</subfield></datafield><datafield ind1=" " ind2=" " tag="852"><subfield code="a">74736</subfield><subfield code="c">517.9</subfield></datafield><datafield ind1=" " ind2=" " tag="CAT"><subfield code="a">Sys</subfield><subfield code="c">20090512</subfield><subfield code="h">093229</subfield></datafield></record></collection>